3022 5010
698 301 906 357 PROPERTII

358 478 586 581 Insultetque
602 485 710 586 rogis,
729 483 842 558 calcet
858 494 896 558 et
913 507 994 558 ossa
1009 508 1101 559 mea.
1360 515 1396 552 20

309 602 430 695 Quid?
453 633 527 681 non
546 607 750 709 Antigones
765 609 909 683 tumulo
925 608 1089 684 Boeotius
1107 608 1259 683 Haemon

358 729 506 808 Corruit
522 733 598 832 ipse
615 761 682 810 suo
699 735 843 809 saucius
859 759 942 809 ense
959 735 1066 829 latus,

309 856 359 932 Et
376 882 442 931 sua
459 884 543 933 cum
558 860 697 935 miserae
713 860 925 959 permiscuit
941 885 1022 933 ossa
1037 861 1176 958 puella,

358 980 440 1073 Qua
456 984 532 1058 sine
551 985 759 1060 Thebanam
775 986 895 1058 noluit
911 985 964 1059 ire
981 984 1154 1058 domum?

311 1099 472 1182 Sed'non
488 1105 658 1205 effugies}
683 1135 827 1182 mecum
842 1109 1010 1184 moriaris
1027 1122 1188 1207 oportet3

360 1231 440 1307 Hoc
457 1232 581 1306 eodem
598 1235 694 1308 ferro
711 1233 824 1309 stillet
840 1230 993 1332 uterque
1010 1258 1128 1307 cruor.

309 1354 484 1447 Quamvis
499 1360 570 1432 ista
585 1358 678 1432 mihi
693 1384 792 1432 mors
809 1369 865 1433 est
880 1358 1072 1432 inhonesta
1088 1353 1255 1449 futura3'

359 1480 459 1556 Mors
475 1462 667 1558 inhonesta
682 1483 831 1582 quidem
839 1511 849 1576 ;
874 1495 919 1557 tu
935 1483 1089 1557 moriere
1104 1494 1238 1556 tamen.

310 1605 376 1679 Ille
397 1598 507 1681 etiam
523 1607 674 1706 abrepta
690 1607 855 1682 desertus
872 1608 1026 1706 conjuge
1043 1605 1204 1680 Achilles

362 1729 508 1808 Cessare
524 1721 563 1806 in
579 1734 686 1814 tectis
702 1733 854 1832 pertulit
871 1758 972 1805 arma
990 1757 1066 1804 sua.

309 1855 463 1933 Viderat
479 1858 540 1932 ille
556 1859 673 1957 fugas,
691 1868 829 1933 tractos
845 1858 885 1930 in
900 1857 1007 1931 litore
1027 1855 1195 1949 Achivos,

359 1979 514 2059 Fervere
531 1994 568 2058 et
585 1982 765 2058 Hectorea
782 1982 917 2056 Dorica
933 1992 1052 2056 castra
1068 1981 1163 2072 face3

310 2106 464 2182 Viderat
479 2107 671 2182 informem
687 2108 805 2181 multa
822 2106 1016 2180 Patroclon
1033 2131 1142 2179 arena

360 2229 576 2305 Porrectum
593 2243 631 2306 et
648 2257 790 2330 sparsas
808 2230 904 2304 caede
915 2232 1036 2329 jacere
1055 2255 1192 2320 comas3
1250 2282 1254 2291 ·

311 2352 443 2429 Omnia
458 2356 653 2429 formosam
668 2367 818 2455 propter
835 2355 1001 2430 Briseida
1016 2380 1164 2453 passus:

362 2479 503 2554 Tantus
519 2480 559 2553 in
575 2491 699 2580 erepto
717 2481 820 2555 saevit
837 2505 959 2554 amore
975 2479 1088 2553 dolor.

312 2603 365 2678 At
380 2616 574 2703 postquam
592 2630 671 2680 sera
687 2607 832 2705 captiva
848 2617 903 2679 est
919 2604 1063 2678 reddita
1078 2630 1192 2701 poena,

360 2729 508 2805 Fortem
524 2731 630 2805 illum
647 2730 846 2805 Haemoniis
864 2730 1024 2804 Hectora
1040 2730 1157 2803 traxit
1174 2729 1286 2836 equis.

292 2889 295 2894 ·
312 2856 466 2930 Inferior
480 2859 598 2932 multo
615 2883 700 2931 cum
716 2858 785 2931 sim
800 2857 859 2932 vel
874 2868 991 2930 matre
1007 2855 1066 2930 vel
1082 2856 1202 2949 armis

363 2978 509 3075 Mirum,
523 2983 560 3055 'si
576 2981 621 3056 de
637 3007 694 3056 me
706 2982 790 3080 jure
807 2980 1009 3079 triumphat
1027 2978 1165 3054 Amor?
1364 3011 1403 3066 40

250 3255 284 3307 23
306 3237 373 3292 Cum
387 3237 517 3307 (ossibus)
530 3239 640 3309 puella.
678 3239 731 3295 Sec
749 3258 786 3296 on
866 3257 901 3311 33
919 3238 1041 3294 Kuinoel
1053 3238 1108 3294 and
1119 3238 1209 3295 Barth
1228 3239 1287 3295 edit
1300 3241 1401 3296 Patro·

213 3321 241 3375 ii.
254 3323 279 3385 3,
293 3322 339 3388 21,
830 3321 1035 3387 clea‚whichis
1056 3321 1156 3377 afalse
1169 3323 1308 3396 quantity.
1344 3324 1403 3379 The

251 3405 286 3458 26
302 3405 415 3459 Eodem.
452 3403 786 3477 Onthasynizesissecv.
830 3404 917 3460 MSS.
941 3423 1023 3476 agree
1053 3404 1083 3459 in
1114 3407 1275 3462 Patroclon.
1329 3405 1403 3461 Both

214 3487 239 3551 7,
253 3487 278 3544 7.
830 3489 979 3559 Πάτροκλος
1009 3488 1064 3543 and
1090 3491 1241 3561 Πατροκλῆς
1269 3507 1404 3545 occur.-

250 3588 286 3642 30
302 3572 340 3626 Ia
352 3572 437 3634 tectis,
456 3570 500 3625 ‘in
511 3570 555 3626 his
567 3572 646 3626 tent.'
664 3570 785 3627 Kuinoel
808 3535 919 3643 iruulta
947 3591 1034 3628 ocean
1055 3579 1218 3643 porrectum,
1249 3573 1276 3628 ἐν
1305 3574 1404 3642 κονίῃσι

214 3654 264 3709 has
284 3655 314 3708 in
337 3655 459 3717 Teucros,
480 3652 553 3708 from
571 3653 619 3709 the
637 3654 709 3711 lutor
731 3655 787 3710 und
808 3655 810 3728 j
829 3655 908 3727 μέγας
919 3657 1068 3727 μεγαλωστὶ
1075 3657 1216 3720 τανυσθεὶς,
1226 3656 1267 3711 Il.
1276 3656 1350 3710 xviii.
1358 3658 1402 3712 27.

213 3736 397 3808 interpolated
416 3736 515 3808 copies.
560 3736 651 3792 Barth
668 3738 719 3794 has
737 3731 810 3795 thc⁴
865 3753 899 3810 37
920 3739 1088 3810 seruposa
1111 3739 1164 3812 ‘by
1183 3738 1267 3794 alate
1285 3739 1403 3794 retribu-

214 3820 270 3876 bad
282 3825 354 3875 toste
366 3826 395 3875 to
407 3819 474 3874 read
485 3820 516 3874 ia
528 3821 619 3875 thecia.
829 3821 907 3886 tion‚’
918 3825 1001 3891 ποινή,
1014 3841 1044 3877 as
1056 3821 1095 3877 K.
1107 3821 1239 3877 remarks.

249 3921 281 3975 31
301 3903 404 3976 Fuqcs.
424 3902 501 3958 Thus
509 3901 676 3968 Lachmann,
685 3903 787 3960 Hertz·
865 3923 900 3978 39
918 3906 1023 3961 Matre.
1053 3905 1177 3961 Because
1189 3924 1206 3960 a
1217 3904 1335 3977 goddess
1347 3923 1403 3960 was

213 3987 290 4058 berg,
315 3985 369 4041 and
394 3985 491 4050 Jacob,
516 3985 584 4041 with
609 3986 657 4041 the
680 3985 786 4058 Naples
809 3994 811 4058 ξ
829 3986 879 4043 the
890 3988 1002 4043 mother
1014 3988 1047 4042 of
1057 3987 1188 4044 Achilles.
1225 3988 1304 4043 Mot
1315 3987 1349 4043 of
1356 3987 1404 4043 the

216 4068 280 4124 MS.
323 4069 382 4124 The
406 4067 540 4140 Groning.
568 4067 631 4123 MS.
658 4067 720 4136 and,
742 4069 785 4124 cd.
809 4062 1004 4142 'copieshare
1017 4072 1122 4126 Marte.
1158 4072 1205 4127 On
1216 4073 1345 4137 camel,
1358 4090 1404 4127 see

212 4151 302 4221 Bheg.
333 4152 394 4222 give
413 4154 487 4223 fuya
520 4157 629 4215 tractos,
660 4151 786 4222 (fractos,
809 4104 1002 4217 iaboveonv.
1016 4155 1059 4209 11.

214 4231 433 4302 Kuinocl.)—In
457 4233 504 4289 the
533 4237 601 4291 next
629 4252 709 4289 verse
737 4234 786 4289 the
809 4219 812 4298 i
866 4254 901 4303 40
930 4235 1020 4291 Thero
1050 4236 1074 4292 is
1104 4255 1179 4293 some
1210 4237 1353 4294 confusion
1375 4238 1405 4292 in

212 4314 334 4385 burning
346 4315 377 4370 of
390 4316 438 4371 the
454 4315 574 4375 Grcoian
585 4315 650 4373 fleet
661 4315 700 4387 by
712 4314 785 4372 Heo·
809 4319 811 4340 ³
830 4317 886 4373 this
902 4336 980 4373 verse
991 4317 1117 4374 between
1136 4322 1244 4385 miram,
1264 4322 1290 4376 si
1309 4322 1405 4375 tatam-

213 4398 293 4454 toris
306 4397 464 4477 alluded'to.
809 4350 812 4442 i
825 4402 906 4470 phot,
920 4400 974 4455 and
980 4403 1049 4471 jure
1061 4403 1221 4473 triumphat.
