3022 5010
194 265 264 340 116
691 278 902 336 oronnam

343 461 469 533 Posset
487 459 680 535 servitium
695 459 785 534 mite
800 469 924 535 tenere
941 471 1061 534 tuum.

296 581 459 682 Septima
469 583 550 680 jam
564 583 682 681 plena
698 581 896 656 deducitur
911 583 1031 657 orbita
1046 583 1155 676 lunae,

344 705 441 781 Cum
457 705 503 780 de
518 730 578 781 me
594 715 633 780 et
649 705 696 780 de
711 715 750 779 te
765 706 926 803 compita
942 706 1045 778 nulla
1060 716 1202 796 tacent;

296 829 443 904 Interea
459 829 566 904 nobis
581 853 657 904 non
673 852 878 925 numquam
889 829 1006 925 janua
1019 830 1151 922 mollis,

344 951 430 1028 Non
445 975 649 1049 numquam
663 949 750 1025 lecti
767 950 871 1048 copia
887 950 985 1024 facta
1000 952 1058 1024 tui
1066 979 1076 1042 ;

294 1074 331 1151 N
332 1099 373 1150 ec
389 1074 480 1147 mihi
496 1072 712 1146 muneribus
726 1097 805 1145 nox
820 1072 898 1179 ulla
915 1086 970 1147 est
987 1084 1110 1171 empta
1125 1073 1260 1162 beatis;
1373 1147 1378 1157 ,

288 1176 291 1183 ’
344 1194 526 1293 Quicquid
543 1218 654 1287 eram,
672 1193 740 1266 hoc
757 1194 870 1266 animi
886 1195 1008 1292 gratia
1023 1221 1157 1294 magna
1173 1196 1241 1267 tui.

295 1317 391 1393 Cum
407 1329 446 1392 oe
462 1328 541 1392 tam
556 1316 667 1390 multi
682 1326 860 1414 peterent,
878 1327 923 1390 tu
939 1342 997 1391 me
1014 1343 1090 1390 una
1106 1318 1250 1414 petisti3

343 1440 501 1514 Possum
517 1465 586 1537 ego
602 1448 745 1512 natura
761 1464 836 1512 non
852 1440 1058 1513 meminisse
1075 1440 1173 1514 tuae?

294 1563 392 1636 Tum
407 1587 466 1636 me
482 1562 543 1637 vel
558 1561 709 1659 tragicae
725 1561 867 1635 vexetis
885 1560 1051 1660 Erinyes,
1070 1572 1107 1636 et
1124 1587 1182 1635 me

344 1685 494 1760 Inferno
512 1684 672 1777 damnes,
691 1682 814 1777 AEace,
828 1683 979 1780 judicio,
1354 1715 1392 1767 30

293 1809 414 1907 Atque
430 1809 528 1882 inter
545 1806 648 1905 Tityi
665 1806 832 1880 volucres
848 1831 930 1880 mea
946 1832 1053 1904 poena
1069 1818 1236 1905 vagetur,

345 1931 513 2029 Tumque
530 1954 598 2028 ego
617 1928 787 2028 Sisyphio
803 1955 894 2003 saxa
908 1930 1032 2004 labore
1048 1955 1185 2028 geram.

295 2053 374 2128 Nec
390 2064 434 2126 tu
452 2051 677 2150 supplicibus
693 2076 752 2125 me
770 2052 819 2124 sis
835 2063 1008 2126 venerata
1023 2052 1187 2125 tabellis:

345 2173 488 2248 Ultima
503 2175 588 2248 talis
605 2174 685 2266 erit,
704 2199 786 2271 quae
802 2199 884 2247 mea
899 2175 1018 2270 prima
1033 2173 1135 2247 fides.

294 2295 376 2369 Hoc
392 2297 483 2369 mihi
498 2306 675 2393 perpetuo
687 2295 750 2390 jus
767 2305 833 2388 est,
851 2293 950 2388 quod
967 2295 1064 2367 solus
1081 2305 1224 2368 amator
1351 2322 1389 2384 35

346 2417 424 2492 Nec
441 2419 514 2493 cito
531 2416 675 2509 desisto,
694 2440 762 2489 nec
777 2426 914 2489 temere
931 2416 1076 2514 incipio.

234 2631 267 2684 19
296 2612 411 2668 Nomen.
469 2610 590 2675 ‘Genua
619 2610 769 2676 nobilita&
815 2615 846 2665 to
861 2627 913 2667 our
927 2609 1070 2679 discredit)
1087 2611 1143 2667 and
1158 2616 1208 2683 yet
1219 2630 1301 2684 many
1314 2615 1392 2669 tima

196 2694 331 2751 Kuinoel.
378 2693 447 2750 Thia
475 2693 500 2748 is
529 2691 632 2764 clearly
654 2710 767 2764 wrong=
814 2691 866 2747 lna
873 2710 946 2764 your
957 2691 1322 2764 doorboenopenedbome,
1336 2697 1392 2750 and

195 2780 320 2832 ooonote
331 2775 399 2831 oni.
413 2777 438 2838 1,
452 2777 478 2830 1.
513 2773 570 2830 We
582 2773 784 2830 mactandam·
816 2773 1393 2846 thatfromregnrdmotforgiftcreceived

195 2856 280 2912 stand
297 2856 349 2912 bor
367 2855 528 2927 reputation
543 2854 587 2910 for
597 2855 703 2928 beauty
715 2855 770 2910 and
816 2853 889 2912 from
899 2856 963 2910 mo!
993 2855 1128 2926 Compare
1139 2858 1266 2912 nonnihil
1275 2857 1392 2929 forpla·

194 2937 293 3001 taleni,
308 2955 340 2992 so
357 2936 434 2992 often
455 2935 567 2991 alluded
584 2941 615 2991 to
630 2936 771 2991 bosora-
816 2938 928 2998 maan,
940 2936 959 2990 i.
973 2937 1017 2999 12,
1031 2939 1074 2991 16.

195 3019 261 3071 mita
278 3019 420 3072 servitium
436 3023 521 3079 mm,
538 3033 574 3070 an
586 3016 698 3088 elegant
707 3034 770 3087 way
853 3017 889 3070 26
910 3016 1054 3088 Quidquid
1069 3036 1145 3071 mam
1164 3018 1247 3088 (tibi),
1261 3025 1332 3076 ‘tua
1344 3021 1391 3076 be·

195 3097 229 3152 of
242 3097 341 3167 saying
357 3097 440 3150 mitia
456 3097 575 3166 hesperia
593 3103 650 3160 tac,
662 3096 712 3151 tho
724 3114 770 3168 ap·
816 3095 975 3152 niv-olentia
1004 3103 1148 3169 acceptum
1172 3100 1391 3157 demost-Koi-

194 3179 295 3247 parent
310 3181 456 3246 contrary3
475 3174 682 3231 hammaim
694 3183 771 3230 taam
816 3178 886 3232 noel.

194 3257 317 3329 ἰστὸέμὶ
329 3255 459 3310 δουλεύειν
470 3277 524 3311 σοι.
853 3260 887 3313 28
912 3258 1033 3315 Natura
1045 3265 1106 3322 tace,
1117 3262 1137 3317 i.
1147 3282 1169 3316 e.
1181 3262 1291 3326 indolis,
1305 3268 1392 3334 ‘your

232 3354 264 3392 οι
285 3338 449 3392 Deduoidur.
469 3336 566 3392 ‘Recto
577 3335 689 3392 Jacobs.
707 3353 771 3392 con·
816 3339 970 3395 kindnesa?

194 3417 251 3474 fert
263 3417 346 3473 Ovid.
361 3419 431 3473 Met.
443 3417 489 3472 vii.
502 3421 564 3474 530.
595 3417 693 3474 ‘Luna
704 3436 771 3491 qua·
853 3437 887 3491 29
908 3423 992 3486 Iluro,
1005 3424 1025 3478 i.
1035 3443 1057 3478 e.
1069 3422 1214 3495 siquando
1225 3425 1378 3480 obliviscar.

195 3504 241 3562 ber
255 3500 369 3570 plenum
387 3503 502 3555 tenuata
519 3499 642 3555 retexuit
656 3500 770 3555 orbem?
852 3521 885 3573 31
906 3505 975 3558 Mea
981 3523 1066 3574 pona
1078 3513 1202 3577 ocyorem,
1214 3507 1289 3562 inter
1305 3526 1390 3578 vagas

195 3580 273 3636 Nam
284 3582 415 3636 denam
425 3581 567 3653 proprium
577 3581 612 3636 de
621 3599 704 3654 opere
710 3587 770 3637 tax·
816 3582 941 3644 volucres
954 3585 999 3640 sit.

194 3661 268 3718 borio
289 3661 637 3734 verbum.'-Hertzbcr9.
674 3663 728 3719 Sea
750 3664 769 3718 i.
852 3683 887 3736 33
907 3666 1018 3722 ‘Writa
1038 3685 1140 3724 meno
1160 3686 1237 3725 more
1255 3669 1390 3741 supplica-

197 3746 240 3808 16,
250 3745 294 3799 41.
816 3750 882 3818 tory
893 3745 1009 3802 lettere:
1028 3766 1077 3820 my
1089 3749 1218 3805 affection
1231 3750 1288 3805 will
1304 3768 1391 3805 never

231 3841 319 3896 23—4
337 3824 427 3880 Jacob
445 3824 469 3881 is
488 3825 610 3881 inclined
626 3829 657 3880 to
676 3824 770 3896 prefer
817 3826 939 3899 cbange;
958 3827 976 3882 I
995 3846 1042 3884 am
1060 3835 1110 3885 not
1133 3849 1163 3885 aa
1185 3831 1267 3885 other
1289 3832 1390 3896 lovers,

193 3924 248 3960 non
268 3925 389 3978 mzqaam
409 3906 479 3961 with
504 3906 553 3962 tho
574 3906 681 3977 Naplee
702 3906 768 3961 MS.
816 3906 897 3962 ficlde
913 3909 969 3963 and
977 3910 1147 3982 capricioua3
1166 3912 1218 3967 but
1229 3930 1277 3984 my
1288 3915 1390 3985 wayis

193 3985 252 4041 But
262 3987 311 4042 tho
320 3986 573 4043 semoisobvioua:
594 3986 712 4056 ‘during
719 3986 768 4042 the
815 3993 866 4043 not
887 3993 918 4044 to
941 3989 977 4045 be
1002 3992 1089 4064 easily
1113 3993 1227 4049 amitten
1245 4013 1297 4049 nor
1321 4013 1390 4050 soon

190 4067 247 4122 lut
262 4085 347 4123 seven
365 4067 479 4122 months
498 4067 536 4122 all
547 4067 597 4123 tho
615 4067 703 4122 world
716 4068 767 4122 has
814 4069 1001 4126 tired'-The
1016 4072 1072 4129 luat
1080 4073 1183 4131 distich
1197 4076 1221 4131 is
1234 4077 1390 4132 omittedin

190 4145 264 4202 boen
274 4148 382 4221 talking
394 4147 427 4205 of
434 4166 476 4214 m,
487 4151 518 4218 (i.
526 4169 549 4205 ο.
562 4147 661 4220 aaying
672 4147 768 4220 lbings
815 4147 880 4205 Ma.
892 4149 980 4208 Gron
