3022 5010
204 286 275 358 202
699 293 908 351 rnornnrn

354 481 405 554 Et
423 478 559 554 Niobes
576 477 744 550 lacrimas
763 478 968 575 supprimat
984 477 1061 575 ipse
1077 477 1180 574 lapis.

305 605 514 705 Alcyonum
530 603 658 702 positis
674 602 902 699 requiescant
919 627 983 676 ora
1000 602 1153 699 querelis
1162 629 1172 691 ;

357 730 525 827 Increpet
542 729 781 827 absumptum
797 754 864 802 nec
881 753 946 802 sua
963 739 1081 802 mater
1098 727 1208 826 Itym.

308 857 447 954 Tuque,
467 882 489 929 o
507 880 590 928 cara
607 854 708 948 mihi,
727 854 893 929 felicibus
911 854 1008 928 edita
1025 854 1163 952 pennis,

359 979 485 1078 Surge,
504 990 541 1054 et
558 990 748 1078 poscentes
759 980 862 1077 justa
878 1005 1025 1078 precare
1043 978 1150 1053 Deos.

308 1106 364 1180 Ac
380 1106 540 1200 primum
557 1130 650 1203 pura
667 1130 835 1178 somnum
851 1105 920 1179 tibi
936 1105 1078 1178 discute
1094 1103 1254 1201 lympha,

357 1229 407 1303 Et
424 1228 558 1303 nitidas
574 1254 698 1326 presso
715 1229 844 1328 pollice
860 1232 959 1328 finge
976 1254 1108 1303 comas

307 1355 402 1429 Dein
419 1381 491 1452 qua
507 1355 668 1454 primum
684 1356 807 1428 oculos
825 1356 952 1452 cepisti
968 1366 1069 1429 veste
1087 1354 1264 1452 Properti,

215 1465 216 1469 Ἰ
358 1479 485 1573 Indue,
504 1505 571 1552 nec
587 1506 746 1555 vacuum
762 1480 851 1554 flore
868 1481 1032 1577 relinque
1050 1490 1178 1577 caput;

309 1607 358 1680 Et
375 1616 467 1703 pete,
487 1631 560 1702 qua
576 1607 699 1704 polles,
717 1616 761 1679 ut
778 1607 827 1680 sit
842 1606 911 1679 tibi
928 1606 1045 1677 forma
1061 1606 1238 1703 perennis

358 1730 474 1827 Inque
490 1755 613 1804 meum
631 1755 772 1829 semper
788 1740 885 1803 stent
902 1742 968 1803 tua
985 1754 1098 1827 regna
1114 1739 1234 1826 caput.

309 1854 399 1928 Inde
416 1865 607 1929 coronatas
624 1856 689 1930 ubi
705 1867 790 1929 ture
805 1855 962 1953 piaveris
979 1879 1071 1944 aras,

360 1979 517 2054 Luxerit
534 1990 571 2056 et
588 1991 668 2054 tota
684 1980 832 2054 flamma
850 1978 1007 2055 secunda
1024 1978 1149 2051 domo:

311 2103 366 2179 Sit
383 2130 514 2178 mensae
531 2105 637 2199 ratio,
655 2131 804 2203 noxque
821 2105 918 2180 inter
933 2104 1064 2203 pocula
1081 2114 1215 2196 currat,

359 2228 409 2303 Et
427 2229 571 2304 crocino
587 2255 694 2304 nares
711 2238 1012 2326 murreusungat
1029 2253 1140 2325 onyx.

309 2354 415 2428 Tibia
431 2354 621 2428 nocturnis
638 2354 852 2428 succumbat
869 2378 979 2426 rauca
996 2351 1145 2445 choreis,

359 2479 409 2553 Et
426 2479 500 2554 sint
517 2479 688 2577 nequitias
704 2479 819 2554 libera
835 2479 947 2554 verba
963 2489 1056 2568 tuae3

298 2605 511 2702 ‘Dulciaque
527 2605 692 2704 ingratos
708 2604 872 2679 adimant
889 2603 1057 2678 convivia
1074 2627 1236 2693 somnos3
1368 2634 1384 2669 2
1387 2630 1403 2690 5

357 2729 510 2803 Publica
526 2729 656 2803 vicinae
672 2740 877 2828 perstrepat
894 2754 984 2802 aura
1001 2727 1079 2801 viae.

244 2920 261 2972 8
280 2914 439 2987 Hertzberg
457 2914 539 2971 reads
552 2916 641 2971 Niobe
657 2915 726 2972 with
737 2915 787 2972 the
831 2916 939 2987 though
950 2936 1019 2990 very
1031 2917 1171 2989 elegantly
1186 2914 1342 2987 expressed,
1359 2915 1406 2970 de-

209 2999 315 3070 Naplos
357 2997 432 3062 MS„
470 2998 637 3070 comparing,
678 2997 787 3070 though
830 2999 1160 3073 tailaofcrsrydaylifc;
1182 3000 1260 3063 ‘risa
1275 3017 1325 3070 say
1334 3016 1405 3071 your

209 3081 310 3151 hardly
321 3079 443 3152 parallel,
464 3081 554 3136 Lerne
566 3083 664 3150 palas,
683 3081 721 3135 iii
742 3084 785 3145 18,
831 3099 954 3152 prayars,
974 3081 1051 3137 wash
1070 3082 1202 3154 yonrself,
1223 3081 1277 3137 and
1297 3086 1349 3154 put
1370 3100 1406 3136 on

208 3167 253 3227 48,
266 3161 321 3217 and
331 3161 417 3216 Hom.
430 3161 470 3216 Π.
483 3162 556 3217 xxiv.
567 3162 628 3226 617,
640 3160 702 3218 ἔνθα
713 3163 786 3220 λίθος
830 3163 892 3218 that
904 3163 958 3218 silk
969 3165 1046 3219 tunic
1058 3166 1116 3235 (see
1128 3182 1165 3220 on
1176 3165 1194 3218 i.
1208 3166 1234 3228 2,
1248 3166 1277 3230 2;
1295 3164 1324 3219 ii.
1338 3167 1363 3228 l,
1376 3165 1405 3234 5)

207 3267 257 3317 περ
268 3245 349 3299 ἐοῦσα
360 3243 425 3300 θεῶν
437 3244 464 3298 ἐκ
476 3243 553 3314 κήδεα
564 3244 669 3300 πέσσει.
696 3244 785 3301 Jacob
830 3245 920 3301 which
944 3246 961 3300 I
984 3246 1109 3303 admired
1128 3246 1210 3304 when
1231 3247 1248 3302 I
1269 3248 1332 3304 first
1351 3265 1406 3303 saw

208 3329 285 3402 gives
309 3327 411 3382 Niobes
431 3325 503 3382 from
527 3325 595 3382 MS.
617 3325 703 3382 Gran.
731 3327 786 3383 and
829 3329 904 3400 you)

209 3410 302 3468 Pucoi.
338 3408 398 3466 Tha
409 3409 504 3466 others
515 3411 619 3466 Nioba.
866 3429 899 3466 22
922 3413 1043 3478 Orosius,
1064 3415 1179 3488 κροκίνῳ,
1197 3433 1235 3470 ac.
1253 3419 1404 3487 unguento,

247 3514 276 3552 11
297 3493 412 3558 Pennis,
437 3494 457 3548 i.
483 3513 506 3549 s.
530 3494 630 3549 omina.
674 3491 713 3548 So
735 3492 785 3549 ihc
830 3513 942 3551 essenos
966 3496 999 3551 of
1019 3496 1132 3553 saffron.
1177 3498 1223 3553 On
1251 3498 1300 3553 tha
1328 3498 1406 3553 word

209 3578 317 3636 Greeks
340 3595 391 3633 use
410 3578 512 3647 πτερόν.
558 3575 668 3632 Sason
688 3575 784 3632 AEsch.
829 3599 955 3634 murreus
967 3599 1013 3636 sae
1025 3600 1051 3636 v.
1070 3585 1095 3647 5,
1109 3584 1260 3654 26.-onyoe
1275 3599 1330 3636 was
1343 3596 1403 3650 pro-

210 3664 264 3736 Ay.
277 3661 338 3718 267.
829 3663 933 3734 perlya
944 3663 1012 3719 kind
1024 3664 1056 3720 of
1064 3666 1186 3731 marblc;
1203 3665 1269 3719 herc
1281 3661 1349 3717 used
1362 3660 1405 3713 for

248 3763 278 3801 12
299 3747 452 3809 Pascentes,
466 3742 524 3798 scil.
538 3743 667 3799 invocari.
705 3742 784 3799 Gom·
828 3745 878 3802 thc
901 3745 1017 3819 gallipot
1035 3747 1249 3820 ΜΘΝ-τωρωι,
1268 3739 1403 3813 unguenti

81 3802 95 3827 ⁹
209 3847 276 3902 pare
293 3827 361 3891 n1,
378 3829 420 3890 11,
439 3825 494 3882 ana
506 3826 589 3891 cvra,
601 3827 681 3882 ras.
695 3830 720 3891 1,
732 3827 784 3883 un.
828 3828 913 3885 odore
925 3829 1033 3886 aaran

210 3911 265 3968 ‘Ad
273 3910 477 3982 piapropsnsos
486 3914 655 3965 votavocata
664 3908 785 3965 deos.’-
864 3930 898 3984 23
932 3913 1102 3969 &cessabat
1147 3908 1284 3965 ‘Deficiet
1301 3905 1405 3961 tibicen

201 3999 284 4068 justa
299 4012 425 4064 precare,
445 3993 466 4046 i.
481 4012 502 4046 e.
522 3992 590 4047 talia
601 4010 662 4064 quae
674 4011 783 4048 conoes-
828 4000 857 4051 et
872 3995 961 4068 impar
980 3996 1017 4051 sit
1037 3991 1228 4050 saltationibus
1246 3989 1329 4045 nimis
1342 4007 1404 4061 pro·

208 4076 331 4135 suricint
343 4075 390 4131 dii.
828 4078 938 4133 ductis!
956 4079 1060 4133 Barth.

246 4179 278 4231 13
299 4161 425 4215 Sonmam
439 4159 551 4213 dussis.
589 4156 671 4213 Some
683 4156 783 4213 under·
863 4162 898 4216 26
917 4163 1042 4218 Publica
1059 4177 1140 4221 cras,
1161 4159 1182 4212 i.
1199 4177 1221 4211 e.
1242 4175 1299 4211 non
1319 4156 1401 4212 modo

208 4242 291 4300 stand
308 4241 365 4296 this
386 4240 418 4295 of
435 4240 484 4296 thc
504 4240 585 4296 usual
608 4239 733 4312 washing
753 4240 783 4295 in
826 4245 934 4319 privata
953 4243 1049 4300 domus
1067 4241 1143 4295 intus
1162 4244 1278 4312 strepat,
1292 4240 1341 4295 sed
1357 4259 1403 4295 ex·

207 4323 329 4395 running
342 4328 429 4380 water
444 4329 474 4379 to
490 4329 568 4379 avert
585 4322 633 4379 the
645 4322 782 4379 ill-effecta
826 4328 912 4383 terior
930 4344 998 4383 aura
1015 4324 1066 4380 ria
1085 4323 1115 4379 in
1132 4341 1187 4395 qua
1202 4323 1322 4396 populus
1341 4342 1405 4378 rer-

207 4406 240 4463 of
260 4424 276 4461 a
299 4405 401 4471 dream,
424 4406 555 4475 (Persius,
576 4406 604 4461 ii.
627 4408 681 4475 16.)
724 4406 782 4462 But
826 4416 911 4465 satur.
944 4407 1004 4463 The
1016 4424 1096 4462 sense
1108 4406 1140 4471 is,
1160 4407 1215 4462 ‘let
1226 4408 1275 4462 the
1285 4407 1362 4462 noise
1374 4407 1406 4460 ol

208 4489 256 4545 the
268 4492 333 4560 post
349 4506 438 4544 seems
449 4495 480 4544 to
491 4488 562 4545 have
573 4489 691 4560 nothing
705 4508 782 4545 mora
825 4510 876 4547 our
896 4489 1030 4547 convivial
1048 4495 1131 4562 party
1143 4491 1179 4546 bs
1196 4490 1284 4546 heard
1296 4492 1334 4561 by
1353 4490 1403 4545 the

206 4573 237 4628 in
269 4570 344 4627 'view
372 4569 441 4626 than
470 4571 518 4627 the
557 4572 781 4645 common-place,
823 4574 921 4646 paopls
940 4573 970 4628 in
990 4572 1038 4629 the
1057 4576 1176 4630 strocts!
1214 4575 1274 4631 The
1294 4592 1406 4646 expres.
